@misc{Most_Popular_Social_Media,
 	title = "Top 15 Most Popular Social Networking Sites",
 	year = "2016",
	howpublished = {\url{<http://www.ebizmba.com/articles/social-networking-websites}},
 	note = "[Online; accessed 28-September-2016]",
 }
 
@misc{TechHui,
	author = "Philip Johnson",
	title = {Three Bad Things About Being an ICS Student},
	year = "2008",
	howpublished = {\url{<http://www.techhui.com/group/uhicsstudents/forum/topics/1702911:Topic:20093 >}},
	organization = {TechHui},
	note = "[Online; accessed 4-October-2016]",
}
